<?xml version="1.0" encoding="UTF-8"?><record xmlns="http://www.loc.gov/MARC21/slim" xmlns:cinclude="http://apache.org/cocoon/include/1.0" xmlns:zs="http://www.loc.gov/zing/srw/">
  <leader>01003cz  a2200205n  4500</leader>
  <controlfield tag="001">no2011012390</controlfield>
  <controlfield tag="003">DLC</controlfield>
  <controlfield tag="005">20140820073907.0</controlfield>
  <controlfield tag="008">110125n| azannaabn          |n aaa     c</controlfield>
  <datafield tag="010" ind1=" " ind2=" ">
    <subfield code="a">no2011012390</subfield>
  </datafield>
  <datafield tag="035" ind1=" " ind2=" ">
    <subfield code="a">(OCoLC)oca08748621</subfield>
  </datafield>
  <datafield tag="040" ind1=" " ind2=" ">
    <subfield code="a">PPiNPL</subfield>
    <subfield code="b">eng</subfield>
    <subfield code="e">rda</subfield>
    <subfield code="c">PPiNPL</subfield>
    <subfield code="d">IlMpPL</subfield>
  </datafield>
  <datafield tag="046" ind1=" " ind2=" ">
    <subfield code="f">1965</subfield>
  </datafield>
  <datafield tag="100" ind1="1" ind2=" ">
    <subfield code="a">Parks, Tom,</subfield>
    <subfield code="d">1965-</subfield>
  </datafield>
  <datafield tag="374" ind1=" " ind2=" ">
    <subfield code="a">Narrator of audiobooks</subfield>
  </datafield>
  <datafield tag="375" ind1=" " ind2=" ">
    <subfield code="a">male</subfield>
  </datafield>
  <datafield tag="670" ind1=" " ind2=" ">
    <subfield code="a">Generous justice, p2010:</subfield>
    <subfield code="b">container (narrator, Tom Parks)</subfield>
  </datafield>
  <datafield tag="670" ind1=" " ind2=" ">
    <subfield code="a">Brilliance Audio website, viewed Oct. 29, 2010:</subfield>
    <subfield code="b">(Tom Parks, Audiofile magazine Earphone award winner;  pastor living in Muskegon, MI with his wife Becky; narrator; plays percussion in musicals)</subfield>
  </datafield>
  <datafield tag="670" ind1=" " ind2=" ">
    <subfield code="a">Voice123 website, Tom Parks' page, viewed Jan. 25, 2011:</subfield>
    <subfield code="b">(Tom Parks)</subfield>
  </datafield>
  <datafield tag="670" ind1=" " ind2=" ">
    <subfield code="a">Email from Parks, Jan. 25, 2011:</subfield>
    <subfield code="b">(Tom Parks, b. 1965; among works he has narrated for Brilliance Audio and Zondervan: Anything but Typical; Lawn Boy; The Gift of Church; Chicken soup for the soul:  a book of miracles; The Blue Parakeet)</subfield>
  </datafield>
</record>